@unpublished{fulton2025how,
    author = {Fulton, Kenneth and Ibrom, Joshua},
    title = {How Safe is C to Rust Translation using LLMs?},
    year = 2025,
    note = {Prepared for CSCI 5362}
}

@article{ritchie1978c,
  title={The C programming language},
  author={Ritchie, Dennis M and Johnson, Stephen C and Lesk, ME and Kernighan, BW and others},
  journal={Bell Sys. Tech. J},
  volume={57},
  number={6},
  pages={1991--2019},
  year={1978}
}

@article{tyagi2014tribute,
  title={A Tribute to C Programming Language: History and Modern Applications},
  author={Tyagi, Priya and Sharma, Chandra Mani},
  journal={International Journal of Computer Applications},
  volume={975},
  pages={8887},
  year={2014}
}

@article{bugden2022rust,
  title={Rust: The programming language for safety and performance},
  author={Bugden, William and Alahmar, Ayman},
  journal={arXiv preprint arXiv:2206.05503},
  year={2022}
}

@misc{zigGithubRepo,
  author       = {{Zig Programming Language}},
  title        = {ziglang/zig},
  year         = {2025},
  howpublished = {\url{https://github.com/ziglang/zig}},
  note         = {Accessed: 2025-07-19}
}

@misc{zig2025overview,
  author       = {{Zig Programming Language}},
  title        = {Overview},
  year         = {2025},
  howpublished = {\url{https://ziglang.org/learn/overview/}},
  note         = {Accessed: 2025-07-19}
}

@article{cadar2021klee,
  title={KLEE symbolic execution engine in 2019},
  author={Cadar, Cristian and Nowack, Martin},
  journal={International Journal on Software Tools for Technology Transfer},
  volume={23},
  number={6},
  pages={867--870},
  year={2021},
  publisher={Springer}
}

@article{boland2012juliet,
  author = {Frederick Boland Jr. and Paul Black},
  title = {The Juliet 1.1 C/C++ and Java Test Suite},
  year = {2012},
  number = {45},
  month = {2012-10-01 00:10:00},
  publisher = {Computer (IEEE Computer)},
  journal = {Computer},
  doi = {https://doi.org/10.1109/MC.2012.345 },
  language = {en},
}

@article{zhang2020survey,
  title={A survey of symbolic execution and its tool KLEE},
  author={Zhang, Tao and Wang, Pan and Guo, Xi},
  journal={Procedia Computer Science},
  volume={166},
  pages={330--334},
  year={2020},
  publisher={Elsevier}
}

@inproceedings{cassez2017skink,
  title={Skink: Static Analysis of Programs in LLVM Intermediate Representation: (Competition Contribution)},
  author={Cassez, Franck and Sloane, Anthony M and Roberts, Matthew and Pigram, Matthew and Suvanpong, Pongsak and de Aledo, Pablo Gonzalez},
  booktitle={International Conference on Tools and Algorithms for the Construction and Analysis of Systems},
  pages={380--384},
  year={2017},
  organization={Springer}
}

@article{emre2021translating,
  title={Translating C to safer Rust},
  author={Emre, Mehmet and Schroeder, Ryan and Dewey, Kyle and Hardekopf, Ben},
  journal={Proceedings of the ACM on Programming Languages},
  volume={5},
  number={OOPSLA},
  pages={1--29},
  year={2021},
  publisher={ACM New York, NY, USA}
}